# BHTree
@ARTICLE{1986Natur.324..446B,
   author = {{Barnes}, J. and {Hut}, P.},
    title = "{A hierarchical O(N log N) force-calculation algorithm}",
  journal = {\nat},
 keywords = {Computational Astrophysics, Many Body Problem, Numerical Integration, Stellar Motions, Algorithms, Hierarchies},
     year = 1986,
    month = dec,
   volume = 324,
    pages = {446-449},
      doi = {10.1038/324446a0},
   adsurl = {http://adsabs.harvard.edu/abs/1986Natur.324..446B},
  adsnote = {Provided by the SAO/NASA Astrophysics Data System}
}

# Huayno
@ARTICLE{2012NewA...17..711P,
   author = {{Pelupessy}, F.~I. and {J{\"a}nes}, J. and {Portegies Zwart}, S.
    },
    title = "{N-body integrators with individual time steps from Hierarchical splitting}",
  journal = {\na},
archivePrefix = "arXiv",
   eprint = {1205.5668},
 primaryClass = "astro-ph.IM",
     year = 2012,
    month = nov,
   volume = 17,
    pages = {711-719},
      doi = {10.1016/j.newast.2012.05.009},
   adsurl = {http://adsabs.harvard.edu/abs/2012NewA...17..711P},
  adsnote = {Provided by the SAO/NASA Astrophysics Data System}
}

# Hermite
@ARTICLE{1995ApJ...443L..93H,
   author = {{Hut}, P. and {Makino}, J. and {McMillan}, S.},
    title = "{Building a better leapfrog}",
  journal = {\apjl},
 keywords = {Algorithms, Astrodynamics, Celestial Mechanics, Energy Conservation, Star Clusters, Step Functions, Computer Programs, Computerized Simulation, Dynamic Models, Elliptical Orbits},
     year = 1995,
    month = apr,
   volume = 443,
    pages = {L93-L96},
      doi = {10.1086/187844},
   adsurl = {http://adsabs.harvard.edu/abs/1995ApJ...443L..93H},
  adsnote = {Provided by the SAO/NASA Astrophysics Data System}
}

# Bound Mass Group Finding Algorithm
@ARTICLE{1998ApJ...498..137E,
   author = {{Eisenstein}, D.~J. and {Hut}, P.},
    title = "{HOP: A New Group-Finding Algorithm for N-Body Simulations}",
  journal = {\apj},
   eprint = {astro-ph/9712200},
 keywords = {COSMOLOGY: THEORY, COSMOLOGY: DARK MATTER, METHODS: NUMERICAL, Cosmology: Theory, Cosmology: Dark Matter, Methods: Numerical},
     year = 1998,
    month = may,
   volume = 498,
    pages = {137-142},
      doi = {10.1086/305535},
   adsurl = {http://adsabs.harvard.edu/abs/1998ApJ...498..137E},
  adsnote = {Provided by the SAO/NASA Astrophysics Data System}
}

# AMUSE
@ARTICLE{2013CoPhC.183..456P,
   author = {{Portegies Zwart}, S. and {McMillan}, S.~L.~W. and {van Elteren}, E. and 
    {Pelupessy}, I. and {de Vries}, N.},
    title = "{Multi-physics simulations using a hierarchical interchangeable software interface}",
  journal = {Computer Physics Communications},
archivePrefix = "arXiv",
   eprint = {1204.5522},
 primaryClass = "astro-ph.IM",
 keywords = {Computer applications, Physical sciences and engineering, Astronomy, Computing methodologies: simulation modeling, and visualization, Distributed computing},
     year = 2013,
    month = mar,
   volume = 183,
    pages = {456-468},
      doi = {10.1016/j.cpc.2012.09.024},
   adsurl = {http://adsabs.harvard.edu/abs/2013CoPhC.183..456P},
  adsnote = {Provided by the SAO/NASA Astrophysics Data System}
}

# AMUSE
@ARTICLE{2013A&A...557A..84P,
   author = {{Pelupessy}, F.~I. and {van Elteren}, A. and {de Vries}, N. and 
    {McMillan}, S.~L.~W. and {Drost}, N. and {Portegies Zwart}, S.~F.
    },
    title = "{The Astrophysical Multipurpose Software Environment}",
  journal = {\aap},
archivePrefix = "arXiv",
   eprint = {1307.3016},
 primaryClass = "astro-ph.IM",
 keywords = {methods: numerical, hydrodynamics, radiative transfer, stars: evolution, stars: kinematics and dynamics},
     year = 2013,
    month = sep,
   volume = 557,
      eid = {A84},
    pages = {A84},
      doi = {10.1051/0004-6361/201321252},
   adsurl = {http://adsabs.harvard.edu/abs/2013A%26A...557A..84P},
  adsnote = {Provided by the SAO/NASA Astrophysics Data System}
}

# MUSE, progenitor of AMUSE
@ARTICLE{2009NewA...14..369P,
   author = {{Portegies Zwart}, S. and {McMillan}, S. and {Harfst}, S. and 
    {Groen}, D. and {Fujii}, M. and {Nuall{\'a}in}, B.~{\'O}. and 
    {Glebbeek}, E. and {Heggie}, D. and {Lombardi}, J. and {Hut}, P. and 
    {Angelou}, V. and {Banerjee}, S. and {Belkus}, H. and {Fragos}, T. and 
    {Fregeau}, J. and {Gaburov}, E. and {Izzard}, R. and {Juri{\'c}}, M. and 
    {Justham}, S. and {Sottoriva}, A. and {Teuben}, P. and {van Bever}, J. and 
    {Yaron}, O. and {Zemp}, M.},
    title = "{A multiphysics and multiscale software environment for modeling astrophysical systems}",
  journal = {\na},
archivePrefix = "arXiv",
   eprint = {0807.1996},
     year = 2009,
    month = may,
   volume = 14,
    pages = {369-378},
      doi = {10.1016/j.newast.2008.10.006},
   adsurl = {http://adsabs.harvard.edu/abs/2009NewA...14..369P},
  adsnote = {Provided by the SAO/NASA Astrophysics Data System}
}

# Tidal Radius of Globular Cluster
@INPROCEEDINGS{1996ASPC...92..495G,
   author = {{Goodwin}, S.~P.},
    title = "{Residual Gas Loss from Young Globular Clusters}",
booktitle = {Formation of the Galactic Halo...Inside and Out},
     year = 1996,
   series = {Astronomical Society of the Pacific Conference Series},
   volume = 92,
   editor = {{Morrison}, H.~L. and {Sarajedini}, A.},
    month = apr,
    pages = {495},
   adsurl = {http://adsabs.harvard.edu/abs/1996ASPC...92..495G},
  adsnote = {Provided by the SAO/NASA Astrophysics Data System}
}

# Mass of the Milky Way, the Galaxy 
@ARTICLE{2011MNRAS.414.2446M,
   author = {{McMillan}, P.~J.},
    title = "{Mass models of the Milky Way}",
  journal = {\mnras},
archivePrefix = "arXiv",
   eprint = {1102.4340},
 primaryClass = "astro-ph.GA",
 keywords = {methods: statistical, Galaxy: fundamental parameters, Galaxy: kinematics and dynamics},
     year = 2011,
    month = jul,
   volume = 414,
    pages = {2446-2457},
      doi = {10.1111/j.1365-2966.2011.18564.x},
   adsurl = {http://adsabs.harvard.edu/abs/2011MNRAS.414.2446M},
  adsnote = {Provided by the SAO/NASA Astrophysics Data System}
}

# Millennium Simulation
@ARTICLE{2005Natur.435..629S,
   author = {{Springel}, V. and {White}, S.~D.~M. and {Jenkins}, A. and {Frenk}, C.~S. and 
	{Yoshida}, N. and {Gao}, L. and {Navarro}, J. and {Thacker}, R. and 
	{Croton}, D. and {Helly}, J. and {Peacock}, J.~A. and {Cole}, S. and 
	{Thomas}, P. and {Couchman}, H. and {Evrard}, A. and {Colberg}, J. and 
	{Pearce}, F.},
    title = "{Simulations of the formation, evolution and clustering of galaxies and quasars}",
  journal = {\nat},
   eprint = {astro-ph/0504097},
     year = 2005,
    month = jun,
   volume = 435,
    pages = {629-636},
      doi = {10.1038/nature03597},
   adsurl = {http://adsabs.harvard.edu/abs/2005Natur.435..629S},
  adsnote = {Provided by the SAO/NASA Astrophysics Data System}
}

# Millennium II
@ARTICLE{2009MNRAS.398.1150B,
   author = {{Boylan-Kolchin}, M. and {Springel}, V. and {White}, S.~D.~M. and 
	{Jenkins}, A. and {Lemson}, G.},
    title = "{Resolving cosmic structure formation with the Millennium-II Simulation}",
  journal = {\mnras},
archivePrefix = "arXiv",
   eprint = {0903.3041},
 primaryClass = "astro-ph.CO",
 keywords = {methods: N-body simulations , galaxies: haloes , cosmology: theory},
     year = 2009,
    month = sep,
   volume = 398,
    pages = {1150-1164},
      doi = {10.1111/j.1365-2966.2009.15191.x},
   adsurl = {http://adsabs.harvard.edu/abs/2009MNRAS.398.1150B},
  adsnote = {Provided by the SAO/NASA Astrophysics Data System}
}

# Millennium XL
@ARTICLE{2012MNRAS.426.2046A,
   author = {{Angulo}, R.~E. and {Springel}, V. and {White}, S.~D.~M. and 
	{Jenkins}, A. and {Baugh}, C.~M. and {Frenk}, C.~S.},
    title = "{Scaling relations for galaxy clusters in the Millennium-XXL simulation}",
  journal = {\mnras},
archivePrefix = "arXiv",
   eprint = {1203.3216},
 primaryClass = "astro-ph.CO",
 keywords = {cosmology: theory, large-scale structure of Universe},
     year = 2012,
    month = nov,
   volume = 426,
    pages = {2046-2062},
      doi = {10.1111/j.1365-2966.2012.21830.x},
   adsurl = {http://adsabs.harvard.edu/abs/2012MNRAS.426.2046A},
  adsnote = {Provided by the SAO/NASA Astrophysics Data System}
}





@misc{AMUSEdocumentation,
  author = {TheAMUSETeam},
  title = {{AMUSE Documentation / supported Community Codes}},
  howpublished = "\url{http://amusecode.org/doc/reference/available-codes.html}",
  year = {2014}, 
  note = "[Online; accessed 25-Nov-2014]"
}