# Hermite
@ARTICLE{1995ApJ...443L..93H,
   author = {{Hut}, P. and {Makino}, J. and {McMillan}, S.},
    title = "{Building a better leapfrog}",
  journal = {\apjl},
 keywords = {Algorithms, Astrodynamics, Celestial Mechanics, Energy Conservation, Star Clusters, Step Functions, Computer Programs, Computerized Simulation, Dynamic Models, Elliptical Orbits},
     year = 1995,
    month = apr,
   volume = 443,
    pages = {L93-L96},
      doi = {10.1086/187844},
   adsurl = {http://adsabs.harvard.edu/abs/1995ApJ...443L..93H},
  adsnote = {Provided by the SAO/NASA Astrophysics Data System}
}

# BHTree
@ARTICLE{1986Natur.324..446B,
   author = {{Barnes}, J. and {Hut}, P.},
    title = "{A hierarchical O(N log N) force-calculation algorithm}",
  journal = {\nat},
 keywords = {Computational Astrophysics, Many Body Problem, Numerical Integration, Stellar Motions, Algorithms, Hierarchies},
     year = 1986,
    month = dec,
   volume = 324,
    pages = {446-449},
      doi = {10.1038/324446a0},
   adsurl = {http://adsabs.harvard.edu/abs/1986Natur.324..446B},
  adsnote = {Provided by the SAO/NASA Astrophysics Data System}
}

# HUAYNO
@ARTICLE{2012NewA...17..711P,
   author = {{Pelupessy}, F.~I. and {J{\"a}nes}, J. and {Portegies Zwart}, S.
	},
    title = "{N-body integrators with individual time steps from Hierarchical splitting}",
  journal = {\na},
archivePrefix = "arXiv",
   eprint = {1205.5668},
 primaryClass = "astro-ph.IM",
     year = 2012,
    month = nov,
   volume = 17,
    pages = {711-719},
      doi = {10.1016/j.newast.2012.05.009},
   adsurl = {http://adsabs.harvard.edu/abs/2012NewA...17..711P},
  adsnote = {Provided by the SAO/NASA Astrophysics Data System}
}

# Bound Mass bepalen
@ARTICLE{1998ApJ...498..137E,
   author = {{Eisenstein}, D.~J. and {Hut}, P.},
    title = "{HOP: A New Group-Finding Algorithm for N-Body Simulations}",
  journal = {\apj},
   eprint = {astro-ph/9712200},
 keywords = {COSMOLOGY: THEORY, COSMOLOGY: DARK MATTER, METHODS: NUMERICAL, Cosmology: Theory, Cosmology: Dark Matter, Methods: Numerical},
     year = 1998,
    month = may,
   volume = 498,
    pages = {137-142},
      doi = {10.1086/305535},
   adsurl = {http://adsabs.harvard.edu/abs/1998ApJ...498..137E},
  adsnote = {Provided by the SAO/NASA Astrophysics Data System}
}
