# AMUSE
@ARTICLE{2013CoPhC.183..456P,
   author = {{Portegies Zwart}, S. and {McMillan}, S.~L.~W. and {van Elteren}, E. and 
    {Pelupessy}, I. and {de Vries}, N.},
    title = "{Multi-physics simulations using a hierarchical interchangeable software interface}",
  journal = {Computer Physics Communications},
archivePrefix = "arXiv",
   eprint = {1204.5522},
 primaryClass = "astro-ph.IM",
 keywords = {Computer applications, Physical sciences and engineering, Astronomy, Computing methodologies: simulation modeling, and visualization, Distributed computing},
     year = 2013,
    month = mar,
   volume = 183,
    pages = {456-468},
      doi = {10.1016/j.cpc.2012.09.024},
   adsurl = {http://adsabs.harvard.edu/abs/2013CoPhC.183..456P},
  adsnote = {Provided by the SAO/NASA Astrophysics Data System}
}

# AMUSE
@ARTICLE{2013A&A...557A..84P,
   author = {{Pelupessy}, F.~I. and {van Elteren}, A. and {de Vries}, N. and 
    {McMillan}, S.~L.~W. and {Drost}, N. and {Portegies Zwart}, S.~F.
    },
    title = "{The Astrophysical Multipurpose Software Environment}",
  journal = {\aap},
archivePrefix = "arXiv",
   eprint = {1307.3016},
 primaryClass = "astro-ph.IM",
 keywords = {methods: numerical, hydrodynamics, radiative transfer, stars: evolution, stars: kinematics and dynamics},
     year = 2013,
    month = sep,
   volume = 557,
      eid = {A84},
    pages = {A84},
      doi = {10.1051/0004-6361/201321252},
   adsurl = {http://adsabs.harvard.edu/abs/2013A%26A...557A..84P},
  adsnote = {Provided by the SAO/NASA Astrophysics Data System}
}

# MUSE, progenitor of AMUSE
@ARTICLE{2009NewA...14..369P,
   author = {{Portegies Zwart}, S. and {McMillan}, S. and {Harfst}, S. and 
    {Groen}, D. and {Fujii}, M. and {Nuall{\'a}in}, B.~{\'O}. and 
    {Glebbeek}, E. and {Heggie}, D. and {Lombardi}, J. and {Hut}, P. and 
    {Angelou}, V. and {Banerjee}, S. and {Belkus}, H. and {Fragos}, T. and 
    {Fregeau}, J. and {Gaburov}, E. and {Izzard}, R. and {Juri{\'c}}, M. and 
    {Justham}, S. and {Sottoriva}, A. and {Teuben}, P. and {van Bever}, J. and 
    {Yaron}, O. and {Zemp}, M.},
    title = "{A multiphysics and multiscale software environment for modeling astrophysical systems}",
  journal = {\na},
archivePrefix = "arXiv",
   eprint = {0807.1996},
     year = 2009,
    month = may,
   volume = 14,
    pages = {369-378},
      doi = {10.1016/j.newast.2008.10.006},
   adsurl = {http://adsabs.harvard.edu/abs/2009NewA...14..369P},
  adsnote = {Provided by the SAO/NASA Astrophysics Data System}
}

# AMUSE docementation
@misc{AMUSEdocumentation,
  author = {TheAMUSETeam},
  title = {{AMUSE Documentation / supported Community Codes}},
  howpublished = "\url{http://amusecode.org/doc/reference/available-codes.html}",
  year = {2014}, 
  note = "[Online; accessed 23-Dec-2014]"
}

# bound group finding, AMUSE
@ARTICLE{1998ApJ...498..137E,
   author = {{Eisenstein}, D.~J. and {Hut}, P.},
    title = "{HOP: A New Group-Finding Algorithm for N-Body Simulations}",
  journal = {\apj},
   eprint = {astro-ph/9712200},
 keywords = {COSMOLOGY: THEORY, COSMOLOGY: DARK MATTER, METHODS: NUMERICAL, Cosmology: Theory, Cosmology: Dark Matter, Methods: Numerical},
     year = 1998,
    month = may,
   volume = 498,
    pages = {137-142},
      doi = {10.1086/305535},
   adsurl = {http://adsabs.harvard.edu/abs/1998ApJ...498..137E},
  adsnote = {Provided by the SAO/NASA Astrophysics Data System}
}

# BHTree
@ARTICLE{1986Natur.324..446B,
   author = {{Barnes}, J. and {Hut}, P.},
    title = "{A hierarchical O(N log N) force-calculation algorithm}",
  journal = {\nat},
 keywords = {Computational Astrophysics, Many Body Problem, Numerical Integration, Stellar Motions, Algorithms, Hierarchies},
     year = 1986,
    month = dec,
   volume = 324,
    pages = {446-449},
      doi = {10.1038/324446a0},
   adsurl = {http://adsabs.harvard.edu/abs/1986Natur.324..446B},
  adsnote = {Provided by the SAO/NASA Astrophysics Data System}
}

# FI
@ARTICLE{1989ApJS...70..419H,
   author = {{Hernquist}, L. and {Katz}, N.},
    title = "{TREESPH - A unification of SPH with the hierarchical tree method}",
  journal = {\apjs},
 keywords = {Computational Fluid Dynamics, Computerized Simulation, Data Smoothing, Magnetohydrodynamics, Trees (Mathematics), Dynamical Systems, Many Body Problem, Monte Carlo Method, Spatial Resolution},
     year = 1989,
    month = jun,
   volume = 70,
    pages = {419-446},
      doi = {10.1086/191344},
   adsurl = {http://adsabs.harvard.edu/abs/1989ApJS...70..419H},
  adsnote = {Provided by the SAO/NASA Astrophysics Data System}
}

@ARTICLE{1997A&A...325..972G,
   author = {{Gerritsen}, J.~P.~E. and {Icke}, V.},
    title = "{Star formation in N-body simulations. I. The impact of the stellar ultraviolet radiation on star formation.}",
  journal = {\aap},
 keywords = {GALAXIES: EVOLUTION, GALAXIES: SPIRAL, HYDRODYNAMICS, METHODS: NUMERICAL},
     year = 1997,
    month = sep,
   volume = 325,
    pages = {972-986},
   adsurl = {http://adsabs.harvard.edu/abs/1997A%26A...325..972G},
  adsnote = {Provided by the SAO/NASA Astrophysics Data System}
}

@ARTICLE{2004A&A...422...55P,
   author = {{Pelupessy}, F.~I. and {van der Werf}, P.~P. and {Icke}, V.},
    title = "{Periodic bursts of star formation in irregular galaxies}",
  journal = {\aap},
   eprint = {astro-ph/0404163},
 keywords = {methods: numerical, methods: N-body simulations, galaxies: dwarf, Galaxy: evolution, galaxies: ISM, galaxies: irregular},
     year = 2004,
    month = jul,
   volume = 422,
    pages = {55-64},
      doi = {10.1051/0004-6361:20047071},
   adsurl = {http://adsabs.harvard.edu/abs/2004A%26A...422...55P},
  adsnote = {Provided by the SAO/NASA Astrophysics Data System}
}

@PHDTHESIS{2005PhDT........17P,
   author = {{Pelupessy}, F.~I.},
    title = "{Numerical studies of the interstellar medium on galactic scales}",
   school = {Leiden Observatory, Leiden University, P.O.~Box 9513, 2300 RA Leiden, The Netherlands},
     year = 2005,
    month = March,
   adsurl = {http://adsabs.harvard.edu/abs/2005PhDT........17P},
  adsnote = {Provided by the SAO/NASA Astrophysics Data System}
}
# End of FI
