# AMUSE
@ARTICLE{2013CoPhC.183..456P,
   author = {{Portegies Zwart}, S. and {McMillan}, S.~L.~W. and {van Elteren}, E. and 
    {Pelupessy}, I. and {de Vries}, N.},
    title = "{Multi-physics simulations using a hierarchical interchangeable software interface}",
  journal = {Computer Physics Communications},
archivePrefix = "arXiv",
   eprint = {1204.5522},
 primaryClass = "astro-ph.IM",
 keywords = {Computer applications, Physical sciences and engineering, Astronomy, Computing methodologies: simulation modeling, and visualization, Distributed computing},
     year = 2013,
    month = mar,
   volume = 183,
    pages = {456-468},
      doi = {10.1016/j.cpc.2012.09.024},
   adsurl = {http://adsabs.harvard.edu/abs/2013CoPhC.183..456P},
  adsnote = {Provided by the SAO/NASA Astrophysics Data System}
}

# AMUSE
@ARTICLE{2013A&A...557A..84P,
   author = {{Pelupessy}, F.~I. and {van Elteren}, A. and {de Vries}, N. and 
    {McMillan}, S.~L.~W. and {Drost}, N. and {Portegies Zwart}, S.~F.
    },
    title = "{The Astrophysical Multipurpose Software Environment}",
  journal = {\aap},
archivePrefix = "arXiv",
   eprint = {1307.3016},
 primaryClass = "astro-ph.IM",
 keywords = {methods: numerical, hydrodynamics, radiative transfer, stars: evolution, stars: kinematics and dynamics},
     year = 2013,
    month = sep,
   volume = 557,
      eid = {A84},
    pages = {A84},
      doi = {10.1051/0004-6361/201321252},
   adsurl = {http://adsabs.harvard.edu/abs/2013A%26A...557A..84P},
  adsnote = {Provided by the SAO/NASA Astrophysics Data System}
}

# MUSE, progenitor of AMUSE
@ARTICLE{2009NewA...14..369P,
   author = {{Portegies Zwart}, S. and {McMillan}, S. and {Harfst}, S. and 
    {Groen}, D. and {Fujii}, M. and {Nuall{\'a}in}, B.~{\'O}. and 
    {Glebbeek}, E. and {Heggie}, D. and {Lombardi}, J. and {Hut}, P. and 
    {Angelou}, V. and {Banerjee}, S. and {Belkus}, H. and {Fragos}, T. and 
    {Fregeau}, J. and {Gaburov}, E. and {Izzard}, R. and {Juri{\'c}}, M. and 
    {Justham}, S. and {Sottoriva}, A. and {Teuben}, P. and {van Bever}, J. and 
    {Yaron}, O. and {Zemp}, M.},
    title = "{A multiphysics and multiscale software environment for modeling astrophysical systems}",
  journal = {\na},
archivePrefix = "arXiv",
   eprint = {0807.1996},
     year = 2009,
    month = may,
   volume = 14,
    pages = {369-378},
      doi = {10.1016/j.newast.2008.10.006},
   adsurl = {http://adsabs.harvard.edu/abs/2009NewA...14..369P},
  adsnote = {Provided by the SAO/NASA Astrophysics Data System}
}

# AMUSE docementation
@misc{AMUSEdocumentation,
  author = {TheAMUSETeam},
  title = {{AMUSE Documentation / supported Community Codes}},
  howpublished = "\url{http://amusecode.org/doc/reference/available-codes.html}",
  year = {2014}, 
  note = "[Online; accessed 23-Dec-2014]"
}

# Age of Sun
@ARTICLE{2002A&A...390.1115B,
   author = {{Bonanno}, A. and {Schlattl}, H. and {Patern{\`o}}, L.},
    title = "{The age of the Sun and the relativistic corrections in the EOS}",
  journal = {\aap},
   eprint = {astro-ph/0204331},
 keywords = {Sun: interior, Sun: oscillations, equation of state},
     year = 2002,
    month = aug,
   volume = 390,
    pages = {1115-1118},
      doi = {10.1051/0004-6361:20020749},
   adsurl = {http://adsabs.harvard.edu/abs/2002A%26A...390.1115B},
  adsnote = {Provided by the SAO/NASA Astrophysics Data System}
}

# Visual Magnitude of Sun
@ARTICLE{1957ApJ...126..266S,
   author = {{Stebbins}, J. and {Kron}, G.~E.},
    title = "{Six-Color Photometry of Stars. X. The Stellar Magnitude and Color Index of the Sun.}",
  journal = {\apj},
     year = 1957,
    month = sep,
   volume = 126,
    pages = {266},
      doi = {10.1086/146398},
   adsurl = {http://adsabs.harvard.edu/abs/1957ApJ...126..266S},
  adsnote = {Provided by the SAO/NASA Astrophysics Data System}
}



# MESA 1 
@ARTICLE{2011ApJS..192....3P,
   author = {{Paxton}, B. and {Bildsten}, L. and {Dotter}, A. and {Herwig}, F. and 
	{Lesaffre}, P. and {Timmes}, F.},
    title = "{Modules for Experiments in Stellar Astrophysics (MESA)}",
  journal = {\apjs},
archivePrefix = "arXiv",
   eprint = {1009.1622},
 primaryClass = "astro-ph.SR",
 keywords = {methods: numerical, stars: evolution, stars: general},
     year = 2011,
    month = jan,
   volume = 192,
      eid = {3},
    pages = {3},
      doi = {10.1088/0067-0049/192/1/3},
   adsurl = {http://adsabs.harvard.edu/abs/2011ApJS..192....3P},
  adsnote = {Provided by the SAO/NASA Astrophysics Data System}
}

# MESA 2
@ARTICLE{2013ApJS..208....4P,
   author = {{Paxton}, B. and {Cantiello}, M. and {Arras}, P. and {Bildsten}, L. and 
	{Brown}, E.~F. and {Dotter}, A. and {Mankovich}, C. and {Montgomery}, M.~H. and 
	{Stello}, D. and {Timmes}, F.~X. and {Townsend}, R.},
    title = "{Modules for Experiments in Stellar Astrophysics (MESA): Planets, Oscillations, Rotation, and Massive Stars}",
  journal = {\apjs},
archivePrefix = "arXiv",
   eprint = {1301.0319},
 primaryClass = "astro-ph.SR",
 keywords = {asteroseismology, methods: numerical, planets and satellites: physical evolution, stars: evolution, stars: massive, stars: rotation},
     year = 2013,
    month = sep,
   volume = 208,
      eid = {4},
    pages = {4},
      doi = {10.1088/0067-0049/208/1/4},
   adsurl = {http://adsabs.harvard.edu/abs/2013ApJS..208....4P},
  adsnote = {Provided by the SAO/NASA Astrophysics Data System}
}

# SSE 
@ARTICLE{2000MNRAS.315..543H,
   author = {{Hurley}, J.~R. and {Pols}, O.~R. and {Tout}, C.~A.},
    title = "{Comprehensive analytic formulae for stellar evolution as a function of mass and metallicity}",
  journal = {\mnras},
   eprint = {astro-ph/0001295},
 keywords = {METHODS: ANALYTICAL, STARS: EVOLUTION, STARS: FUNDAMENTAL PARAMETERS, STARS: MASS-LOSS, STARS: POPULATION II, GALAXIES: STELLAR CONTENT},
     year = 2000,
    month = jul,
   volume = 315,
    pages = {543-569},
      doi = {10.1046/j.1365-8711.2000.03426.x},
   adsurl = {http://adsabs.harvard.edu/abs/2000MNRAS.315..543H},
  adsnote = {Provided by the SAO/NASA Astrophysics Data System}
}

# SeBa 1
@ARTICLE{1996A&A...309..179P,
   author = {{Portegies Zwart}, S.~F. and {Verbunt}, F.},
    title = "{Population synthesis of high-mass binaries.}",
  journal = {\aap},
 keywords = {STARS: BINARIES: CLOSE, STARS: NEUTRON, STARS: SUPERNOVAE, STARS: EVOLUTION},
     year = 1996,
    month = may,
   volume = 309,
    pages = {179-196},
   adsurl = {http://adsabs.harvard.edu/abs/1996A%26A...309..179P},
  adsnote = {Provided by the SAO/NASA Astrophysics Data System}
}

# SeBa 2
@ARTICLE{2012A&A...546A..70T,
   author = {{Toonen}, S. and {Nelemans}, G. and {Portegies Zwart}, S.},
    title = "{Supernova Type Ia progenitors from merging double white dwarfs. Using a new population synthesis model}",
  journal = {\aap},
archivePrefix = "arXiv",
   eprint = {1208.6446},
 primaryClass = "astro-ph.HE",
 keywords = {binaries: close, stars: evolution, white dwarfs, supernovae: general},
     year = 2012,
    month = oct,
   volume = 546,
      eid = {A70},
    pages = {A70},
      doi = {10.1051/0004-6361/201218966},
   adsurl = {http://adsabs.harvard.edu/abs/2012A%26A...546A..70T},
  adsnote = {Provided by the SAO/NASA Astrophysics Data System}
}

# EVTwin
@ARTICLE{1971MNRAS.151..351E,
   author = {{Eggleton}, P.~P.},
    title = "{The evolution of low mass stars}",
  journal = {\mnras},
     year = 1971,
   volume = 151,
    pages = {351},
   adsurl = {http://adsabs.harvard.edu/abs/1971MNRAS.151..351E},
  adsnote = {Provided by the SAO/NASA Astrophysics Data System}
}

@ARTICLE{1972MNRAS.156..361E,
   author = {{Eggleton}, P.~P.},
    title = "{Composition changes during stellar evolution}",
  journal = {\mnras},
     year = 1972,
   volume = 156,
    pages = {361},
   adsurl = {http://adsabs.harvard.edu/abs/1972MNRAS.156..361E},
  adsnote = {Provided by the SAO/NASA Astrophysics Data System}
}

@ARTICLE{1973MNRAS.163..279E,
   author = {{Eggleton}, P.~P.},
    title = "{A numerical treatment of double shell source stars}",
  journal = {\mnras},
     year = 1973,
   volume = 163,
    pages = {279},
   adsurl = {http://adsabs.harvard.edu/abs/1973MNRAS.163..279E},
  adsnote = {Provided by the SAO/NASA Astrophysics Data System}
}


@ARTICLE{1973A&A....23..325E,
   author = {{Eggleton}, P.~P. and {Faulkner}, J. and {Flannery}, B.~P.},
    title = "{An Approximate Equation of State for Stellar Material}",
  journal = {\aap},
     year = 1973,
    month = mar,
   volume = 23,
    pages = {325},
   adsurl = {http://adsabs.harvard.edu/abs/1973A%26A....23..325E},
  adsnote = {Provided by the SAO/NASA Astrophysics Data System}
}

@ARTICLE{1994MNRAS.270..121H,
   author = {{Han}, Z. and {Podsiadlowski}, P. and {Eggleton}, P.~P.},
    title = "{A Possible Criterion for Envelope Ejection in Asymptotic Giant Branch or First Giant Branch Stars}",
  journal = {\mnras},
     year = 1994,
    month = sep,
   volume = 270,
    pages = {121},
   adsurl = {http://adsabs.harvard.edu/abs/1994MNRAS.270..121H},
  adsnote = {Provided by the SAO/NASA Astrophysics Data System}
}

@ARTICLE{1995MNRAS.274..964P,
   author = {{Pols}, O.~R. and {Tout}, C.~A. and {Eggleton}, P.~P. and {Han}, Z.
	},
    title = "{Approximate input physics for stellar modelling}",
  journal = {\mnras},
   eprint = {astro-ph/9504025},
 keywords = {EQUATION OF STATE, STARS: EVOLUTION, STARS: LOW-MASS, BROWN DWARFS},
     year = 1995,
    month = jun,
   volume = 274,
    pages = {964-974},
   adsurl = {http://adsabs.harvard.edu/abs/1995MNRAS.274..964P},
  adsnote = {Provided by the SAO/NASA Astrophysics Data System}
}

@INPROCEEDINGS{2001ASPC..229..157E,
   author = {{Eggleton}, P.~P.},
    title = "{The Braking of Wind}",
booktitle = {Evolution of Binary and Multiple Star Systems},
     year = 2001,
   series = {Astronomical Society of the Pacific Conference Series},
   volume = 229,
   editor = {{Podsiadlowski}, P. and {Rappaport}, S. and {King}, A.~R. and 
	{D'Antona}, F. and {Burderi}, L.},
    pages = {157},
   adsurl = {http://adsabs.harvard.edu/abs/2001ASPC..229..157E},
  adsnote = {Provided by the SAO/NASA Astrophysics Data System}
}

@ARTICLE{2001ApJ...552..664N,
   author = {{Nelson}, C.~A. and {Eggleton}, P.~P.},
    title = "{A Complete Survey of Case A Binary Evolution with Comparison to Observed Algol-type Systems}",
  journal = {\apj},
   eprint = {astro-ph/0009258},
 keywords = {Stars: Binaries: Close, Stars: Evolution},
     year = 2001,
    month = may,
   volume = 552,
    pages = {664-678},
      doi = {10.1086/320560},
   adsurl = {http://adsabs.harvard.edu/abs/2001ApJ...552..664N},
  adsnote = {Provided by the SAO/NASA Astrophysics Data System}
}

@ARTICLE{2002ApJ...575..461E,
   author = {{Eggleton}, P.~P. and {Kiseleva-Eggleton}, L.},
    title = "{The Evolution of Cool Algols}",
  journal = {\apj},
   eprint = {astro-ph/0209201},
 keywords = {Stars: Binaries: Eclipsing, Stars: Evolution, Stars: Magnetic Fields, Stars: Mass Loss},
     year = 2002,
    month = aug,
   volume = 575,
    pages = {461-473},
      doi = {10.1086/341215},
   adsurl = {http://adsabs.harvard.edu/abs/2002ApJ...575..461E},
  adsnote = {Provided by the SAO/NASA Astrophysics Data System}
}

@ARTICLE{2007A&A...464L..57S,
   author = {{Stancliffe}, R.~J. and {Glebbeek}, E. and {Izzard}, R.~G. and 
	{Pols}, O.~R.},
    title = "{Carbon-enhanced metal-poor stars and thermohaline mixing}",
  journal = {\aap},
 keywords = {stars: evolution, stars: binaries: general, stars: carbon, stars: abundances},
     year = 2007,
    month = mar,
   volume = 464,
    pages = {L57-L60},
      doi = {10.1051/0004-6361:20066891},
   adsurl = {http://adsabs.harvard.edu/abs/2007A%26A...464L..57S},
  adsnote = {Provided by the SAO/NASA Astrophysics Data System}
}


@ARTICLE{2004MNRAS.348..201E,
   author = {{Eldridge}, J.~J. and {Tout}, C.~A.},
    title = "{A more detailed look at the opacities for enriched carbon and oxygen mixtures}",
  journal = {\mnras},
   eprint = {astro-ph/0310255},
 keywords = {radiative transfer, stars: AGB and post-AGB, stars: carbon, stars: evolution, stars: general, stars: Wolf-Rayet},
     year = 2004,
    month = feb,
   volume = 348,
    pages = {201-206},
      doi = {10.1111/j.1365-2966.2004.07344.x},
   adsurl = {http://adsabs.harvard.edu/abs/2004MNRAS.348..201E},
  adsnote = {Provided by the SAO/NASA Astrophysics Data System}
}


@ARTICLE{2008A&A...488.1007G,
   author = {{Glebbeek}, E. and {Pols}, O.~R. and {Hurley}, J.~R.},
    title = "{Evolution of stellar collision products in open clusters. I. Blue stragglers in N-body models of M 67}",
  journal = {\aap},
archivePrefix = "arXiv",
   eprint = {0806.0863},
 keywords = {stars: formation, stars: blue stragglers, Galaxy: open clusters and associations: general, methods: numerical, stars: evolution, stellar dynamics},
     year = 2008,
    month = sep,
   volume = 488,
    pages = {1007-1015},
      doi = {10.1051/0004-6361:200809930},
   adsurl = {http://adsabs.harvard.edu/abs/2008A%26A...488.1007G},
  adsnote = {Provided by the SAO/NASA Astrophysics Data System}
}
# Blody end of EVTWIN

# Henyey-type code
@ARTICLE{1959ApJ...129..628H,
   author = {{Henyey}, L.~G. and {Wilets}, L. and {B{\"o}hm}, K.~H. and {Lelevier}, R. and 
	{Levee}, R.~D.},
    title = "{A Method for Automatic Computation of Stellar Evolution.}",
  journal = {\apj},
     year = 1959,
    month = may,
   volume = 129,
    pages = {628},
      doi = {10.1086/146661},
   adsurl = {http://adsabs.harvard.edu/abs/1959ApJ...129..628H},
  adsnote = {Provided by the SAO/NASA Astrophysics Data System}
}

# Solar Metallicity z = 0.0122
@ARTICLE{2006CoAst.147...76A,
   author = {{Asplund}, M. and {Grevesse}, N. and {Sauval}, A.~J.},
    title = "{The new solar abundances - Part I: the observations}",
  journal = {Communications in Asteroseismology},
     year = 2006,
    month = jan,
   volume = 147,
    pages = {76-79},
      doi = {10.1553/cia147s76},
   adsurl = {http://adsabs.harvard.edu/abs/2006CoAst.147...76A},
  adsnote = {Provided by the SAO/NASA Astrophysics Data System}
}

# Solar Metallicity z = 0.0187 - 0.0236
@ARTICLE{2007ApJ...670..872C,
   author = {{Chaplin}, W.~J. and {Serenelli}, A.~M. and {Basu}, S. and {Elsworth}, Y. and 
	{New}, R. and {Verner}, G.~A.},
    title = "{Solar Heavy-Element Abundance: Constraints from Frequency Separation Ratios of Low-Degree p-Modes}",
  journal = {\apj},
archivePrefix = "arXiv",
   eprint = {0705.3154},
 keywords = {Sun: Abundances, Sun: Helioseismology, Sun: Interior},
     year = 2007,
    month = nov,
   volume = 670,
    pages = {872-884},
      doi = {10.1086/522578},
   adsurl = {http://adsabs.harvard.edu/abs/2007ApJ...670..872C},
  adsnote = {Provided by the SAO/NASA Astrophysics Data System}
}

# Metallicity roughly correlated with metal content
@ARTICLE{1960ApJ...131..598S,
   author = {{Sandage}, A. and {Wallerstein}, G.},
    title = "{Color-Magnitude Diagram for Disk Clobular Cluster NGC 6356 Compared with Halo Clusters.}",
  journal = {\apj},
     year = 1960,
    month = may,
   volume = 131,
    pages = {598},
      doi = {10.1086/146872},
   adsurl = {http://adsabs.harvard.edu/abs/1960ApJ...131..598S},
  adsnote = {Provided by the SAO/NASA Astrophysics Data System}
}

# Stellar Evolution
@BOOK{2012sse..book.....K,
   author = {{Kippenhahn}, R. and {Weigert}, A. and {Weiss}, A.},
    title = "{Stellar Structure and Evolution}",
 keywords = {Physics},
booktitle = {Stellar Structure and Evolution: , Astronomy and Astrophysics Library.~ISBN 978-3-642-30255-8.~Springer-Verlag Berlin Heidelberg, 2012},
     year = 2012,
publisher = {Springer},
      doi = {10.1007/978-3-642-30304-3},
   adsurl = {http://adsabs.harvard.edu/abs/2012sse..book.....K},
  adsnote = {Provided by the SAO/NASA Astrophysics Data System}
}

# Solar lifetime
@ARTICLE{1993ApJ...418..457S,
   author = {{Sackmann}, I.-J. and {Boothroyd}, A.~I. and {Kraemer}, K.~E.
	},
    title = "{Our Sun. III. Present and Future}",
  journal = {\apj},
 keywords = {SOLAR SYSTEM: GENERAL, STARS: EVOLUTION, SUN: GENERAL, SUN: INTERIOR},
     year = 1993,
    month = nov,
   volume = 418,
    pages = {457},
      doi = {10.1086/173407},
   adsurl = {http://adsabs.harvard.edu/abs/1993ApJ...418..457S},
  adsnote = {Provided by the SAO/NASA Astrophysics Data System}
}

# Salpeter Initial Mass Function
@ARTICLE{1955ApJ...121..161S,
   author = {{Salpeter}, E.~E.},
    title = "{The Luminosity Function and Stellar Evolution.}",
  journal = {\apj},
     year = 1955,
    month = jan,
   volume = 121,
    pages = {161},
      doi = {10.1086/145971},
   adsurl = {http://adsabs.harvard.edu/abs/1955ApJ...121..161S},
  adsnote = {Provided by the SAO/NASA Astrophysics Data System}
}

# Multiple populations in star cluster
@INPROCEEDINGS{2009IAUS..258..233P,
   author = {{Piotto}, G.},
    title = "{Observations of multiple populations in star clusters}",
 keywords = {globular clusters, stars: horizontal-branch, stellar populations, techniques: photometric, astrometry},
booktitle = {IAU Symposium},
     year = 2009,
   series = {IAU Symposium},
   volume = 258,
   editor = {{Mamajek}, E.~E. and {Soderblom}, D.~R. and {Wyse}, R.~F.~G.
	},
    month = jun,
    pages = {233-244},
      doi = {10.1017/S1743921309031883},
   adsurl = {http://adsabs.harvard.edu/abs/2009IAUS..258..233P},
  adsnote = {Provided by the SAO/NASA Astrophysics Data System}
}

# 1/3 Milky Way stars --> binary
@ARTICLE{2006ApJ...640L..63L,
   author = {{Lada}, C.~J.},
    title = "{Stellar Multiplicity and the Initial Mass Function: Most Stars Are Single}",
  journal = {\apjl},
   eprint = {astro-ph/0601375},
 keywords = {Stars: Binaries: General, Stars: Formation},
     year = 2006,
    month = mar,
   volume = 640,
    pages = {L63-L66},
      doi = {10.1086/503158},
   adsurl = {http://adsabs.harvard.edu/abs/2006ApJ...640L..63L},
  adsnote = {Provided by the SAO/NASA Astrophysics Data System}
}

# IMF Miller-Scalo (1979)
@ARTICLE{1979ApJS...41..513M,
   author = {{Miller}, G.~E. and {Scalo}, J.~M.},
    title = "{The initial mass function and stellar birthrate in the solar neighborhood}",
  journal = {\apjs},
 keywords = {Cosmology, Solar System, Stellar Evolution, Stellar Mass, Gas Density, Main Sequence Stars, Milky Way Galaxy, Nuclear Fusion, Planetary Nebulae, Stellar Luminosity, Stellar Mass Accretion, Stellar Mass Ejection, Supernovae, White Dwarf Stars},
     year = 1979,
    month = nov,
   volume = 41,
    pages = {513-547},
      doi = {10.1086/190629},
   adsurl = {http://adsabs.harvard.edu/abs/1979ApJS...41..513M},
  adsnote = {Provided by the SAO/NASA Astrophysics Data System}
}

# IMF Chabrier (2003)
@INPROCEEDINGS{2001ASPC..228..187K,
   author = {{Kroupa}, P.},
    title = "{The Local Stellar Initial Mass Function}",
booktitle = {Dynamics of Star Clusters and the Milky Way},
     year = 2001,
   series = {Astronomical Society of the Pacific Conference Series},
   volume = 228,
   eprint = {astro-ph/0011328},
   editor = {{Deiters}, S. and {Fuchs}, B. and {Just}, A. and {Spurzem}, R. and 
	{Wielen}, R.},
    pages = {187},
   adsurl = {http://adsabs.harvard.edu/abs/2001ASPC..228..187K},
  adsnote = {Provided by the SAO/NASA Astrophysics Data System}
}
# IMF Kroupa (2001)
@ARTICLE{2001MNRAS.322..231K,
   author = {{Kroupa}, P.},
    title = "{On the variation of the initial mass function}",
  journal = {\mnras},
   eprint = {astro-ph/0009005},
 keywords = {BINARIES: GENERAL, STARS: FORMATION, STARS: KINEMATICS, STARS: LUMINOSITY FUNCTION, MASS FUNCTION, GLOBULAR CLUSTERS: GENERAL, OPEN CLUSTERS AND ASSOCIATIONS: GENERAL},
     year = 2001,
    month = apr,
   volume = 322,
    pages = {231-246},
      doi = {10.1046/j.1365-8711.2001.04022.x},
   adsurl = {http://adsabs.harvard.edu/abs/2001MNRAS.322..231K},
  adsnote = {Provided by the SAO/NASA Astrophysics Data System}
}

# Distance, metallicity, age of Hyades
@ARTICLE{1998A&A...331...81P,
   author = {{Perryman}, M.~A.~C. and {Brown}, A.~G.~A. and {Lebreton}, Y. and 
	{Gomez}, A. and {Turon}, C. and {Cayrel de Strobel}, G. and 
	{Mermilliod}, J.~C. and {Robichon}, N. and {Kovalevsky}, J. and 
	{Crifo}, F.},
    title = "{The Hyades: distance, structure, dynamics, and age}",
  journal = {\aap},
   eprint = {astro-ph/9707253},
 keywords = {ASTROMETRY, PARALLAXES, HR DIAGRAM, HYADES, DISTANCE SCALE},
     year = 1998,
    month = mar,
   volume = 331,
    pages = {81-120},
   adsurl = {http://adsabs.harvard.edu/abs/1998A%26A...331...81P},
  adsnote = {Provided by the SAO/NASA Astrophysics Data System}
}

# PLeiades
# http://adsabs.harvard.edu/abs/1996ApJ...458..600B

# Ballesteros: Temperature from B and V measurements
@ARTICLE{2012EL.....9734008B,
   author = {{Ballesteros}, F.~J.},
    title = "{New insights into black bodies}",
  journal = {EPL (Europhysics Letters)},
archivePrefix = "arXiv",
   eprint = {1201.1809},
 primaryClass = "astro-ph.IM",
     year = 2012,
    month = feb,
   volume = 97,
    pages = {34008},
      doi = {10.1209/0295-5075/97/34008},
   adsurl = {http://adsabs.harvard.edu/abs/2012EL.....9734008B},
  adsnote = {Provided by the SAO/NASA Astrophysics Data System}
}

# Database for Open Clusters (BDA)
@INPROCEEDINGS{1995ASSL..203..127M,
   author = {{Mermilliod}, J.-C.},
    title = "{The database for galactic open clusters (BDA).}",
 keywords = {Data Bases: Open Clusters},
booktitle = {On-Line Data in Astronomy},
     year = 1995,
   series = {Astrophysics and Space Science Library},
   volume = 203,
   editor = {{Egret}, D. and {Albrecht}, M.~A.},
    pages = {127-138},
   adsurl = {http://adsabs.harvard.edu/abs/1995ASSL..203..127M},
  adsnote = {Provided by the SAO/NASA Astrophysics Data System}
}


# WEBDA
@misc{webda,
  author = {{Paunzen}, E. and {St\"utz}, C. and {Janik}, J.},
  title = {WEBDA},
  howpublished = "\url{http://www.univie.ac.at/webda/}",
  year = {2014},
  note = "[Online; accessed 2-Dec-2014]"
}

# bound group finding, AMUSE
@ARTICLE{1998ApJ...498..137E,
   author = {{Eisenstein}, D.~J. and {Hut}, P.},
    title = "{HOP: A New Group-Finding Algorithm for N-Body Simulations}",
  journal = {\apj},
   eprint = {astro-ph/9712200},
 keywords = {COSMOLOGY: THEORY, COSMOLOGY: DARK MATTER, METHODS: NUMERICAL, Cosmology: Theory, Cosmology: Dark Matter, Methods: Numerical},
     year = 1998,
    month = may,
   volume = 498,
    pages = {137-142},
      doi = {10.1086/305535},
   adsurl = {http://adsabs.harvard.edu/abs/1998ApJ...498..137E},
  adsnote = {Provided by the SAO/NASA Astrophysics Data System}
}

# citation for Hyades total mass
@INPROCEEDINGS{2009AIPC.1094..497B,
   author = {{Bouvier}, J. and {Kendall}, T. and {Meeus}, G.},
    title = "{Metal-rich T-dwarfs in the Hyades cluster}",
 keywords = {Low luminosity stars subdwarfs and brown dwarfs, Galaxy groups clusters and superclusters, large scale structure of the Universe, Stellar characteristics and properties},
booktitle = {15th Cambridge Workshop on Cool Stars, Stellar Systems, and the Sun},
     year = 2009,
   series = {American Institute of Physics Conference Series},
   volume = 1094,
archivePrefix = "arXiv",
   eprint = {0810.2640},
   editor = {{Stempels}, E.},
    month = feb,
    pages = {497-500},
      doi = {10.1063/1.3099157},
   adsurl = {http://adsabs.harvard.edu/abs/2009AIPC.1094..497B},
  adsnote = {Provided by the SAO/NASA Astrophysics Data System}
}

# BHTree
@ARTICLE{1986Natur.324..446B,
   author = {{Barnes}, J. and {Hut}, P.},
    title = "{A hierarchical O(N log N) force-calculation algorithm}",
  journal = {\nat},
 keywords = {Computational Astrophysics, Many Body Problem, Numerical Integration, Stellar Motions, Algorithms, Hierarchies},
     year = 1986,
    month = dec,
   volume = 324,
    pages = {446-449},
      doi = {10.1038/324446a0},
   adsurl = {http://adsabs.harvard.edu/abs/1986Natur.324..446B},
  adsnote = {Provided by the SAO/NASA Astrophysics Data System}
}

# Pleiades Distance
@ARTICLE{2009A&A...497..209V,
   author = {{van Leeuwen}, F.},
    title = "{Parallaxes and proper motions for 20 open clusters as based on the new Hipparcos catalogue}",
  journal = {\aap},
archivePrefix = "arXiv",
   eprint = {0902.1039},
 primaryClass = "astro-ph.GA",
 keywords = {methods: data analysis, astrometry, Hertzsprung-Russell (HR) and C-M diagrams, open clusters and associations: general, stars: distances},
     year = 2009,
    month = apr,
   volume = 497,
    pages = {209-242},
      doi = {10.1051/0004-6361/200811382},
   adsurl = {http://adsabs.harvard.edu/abs/2009A%26A...497..209V},
  adsnote = {Provided by the SAO/NASA Astrophysics Data System}
}

# Pleiades age
@ARTICLE{1998ApJ...497..253U,
   author = {{Ushomirsky}, G. and {Matzner}, C.~D. and {Brown}, E.~F. and 
	{Bildsten}, L. and {Hilliard}, V.~G. and {Schroeder}, P.~C.},
    title = "{Light-Element Depletion in Contracting Brown Dwarfs and Pre-Main-Sequence Stars}",
  journal = {\apj},
   eprint = {astro-ph/9711099},
 keywords = {GALAXY: OPEN CLUSTERS AND ASSOCIATIONS: GENERAL, STARS: ABUNDANCES, STARS: EVOLUTION, STARS: FUNDAMENTAL PARAMETERS, STARS: LOW-MASS, BROWN DWARFS, STARS: PRE-MAIN-SEQUENCE, Galaxy: Open Clusters and Associations: General, Stars: Abundances, Stars: Evolution, Stars: Fundamental Parameters, Stars: Low-Mass, Brown Dwarfs, Stars: Pre-Main-Sequence},
     year = 1998,
    month = apr,
   volume = 497,
    pages = {253-266},
      doi = {10.1086/305457},
   adsurl = {http://adsabs.harvard.edu/abs/1998ApJ...497..253U},
  adsnote = {Provided by the SAO/NASA Astrophysics Data System}
}

# Pleiades metallicity
@ARTICLE{2009AJ....138.1292S,
   author = {{Soderblom}, D.~R. and {Laskar}, T. and {Valenti}, J.~A. and 
	{Stauffer}, J.~R. and {Rebull}, L.~M.},
    title = "{The Metallicity of the Pleiades}",
  journal = {\aj},
archivePrefix = "arXiv",
   eprint = {0909.0511},
 primaryClass = "astro-ph.SR",
 keywords = {open clusters and associations: individual: Pleiades, stars: abundances},
     year = 2009,
    month = nov,
   volume = 138,
    pages = {1292-1295},
      doi = {10.1088/0004-6256/138/5/1292},
   adsurl = {http://adsabs.harvard.edu/abs/2009AJ....138.1292S},
  adsnote = {Provided by the SAO/NASA Astrophysics Data System}
}
